@book{SWB-061865095,
title = {Lernen},
series = {Forum kritische Psychologie ; 38},
institution = {Holzkamp-Colloquium (1996 : Berlin)},
address = {Berlin},
publisher = {Argument-Verl.},
year = {1997},
edition = {1. Aufl.},
isbn = {3-88619-776-X},
size = {174 S.},
keywords = { ; Lernen / Kongress / Berlin <1996>},
note = {Beitr. überwiegend dt., teilw. engl., Zusammenfassungen in dt. u. engl.; brosch. : DM 22.00, sfr 22.00, S 161.00},
bestand = {Universitätsbibliothek Freiburg <25> [Signatur: ZG 4666-38.1997];
Saarländische Universitäts- und Landesbibliothek <291> [Signatur: Z 6999:38.1997];
Sächsische Landesbibliothek - Staats- und Universitätsbibliothek <14> [Signatur: 1998 8 014273];
Universität Konstanz, Kommunikations-, Informations-, Medienzentrum (KIM) <352> [Signatur: psy 2/f75-38];
Württembergische Landesbibliothek <24> [Signatur: Z 13270-38];
Universitätsbibliothek Leipzig <15>;
Universitätsbibliothek Heidelberg <16> [Signatur: 80 A 7404 : 38];
Universität Heidelberg, Bibliothek des Instituts für <16/66> [Signatur: C II D 97.2];
Badische Landesbibliothek <31> [Signatur: ZA 7470,38.1997];
Pädagogische Hochschule Freiburg <Frei 129> [Signatur: Psy B 200: 53];
Pädagogische Hochschule Ludwigsburg <Lg 1> [Signatur: Psy 3a For (38)];
Hochschulbibliothek Reutlingen <Rt 2> [Signatur: Z Ps 35-1997/ /38];
Bibliothek der Pädagogischen Hochschule Heidelberg <He 76> [Signatur: MZ 1a/14 :38];
},
URL = {http://digitool.hbz-nrw.de:1801/webclient/DeliveryManager?pid=2990167},
}


	





googlebook
Google Buchsuche
