@book{SWB-370821270,
title = {Didaktisches Handeln in der Erwachsenenbildung : Didaktik aus konstruktivistischer Sicht},
series = {Grundlagen der Weiterbildung},
author = {Siebert, Horst},
address = {Augsburg},
publisher = {ZIEL-Verl.},
year = {2012},
edition = {7., überarb. Aufl.},
isbn = {978-3-940562-80-7},
size = {328 S. : Ill., graph. Darst. ; 210 mm x 150 mm, 480 g},
keywords = {Didaktik / Erwachsenenbildung ; Adult education / Teaching / Constructivism (Education)},
note = {Literaturverz. S. 281 - 299},
bestand = {Universitätsbibliothek Tübingen <21> [Signatur: paed D 600 Aufl.7(2012)];
Universität Tübingen, Institut für Erziehungswissenschaft <21/43> [Signatur: Wkg 862 d];
Saarländische Universitäts- und Landesbibliothek <291> [Signatur: 2012-7047];
Hochschule für Technik und Wirtschaft des Saarlandes, <Sa 19> [Signatur: DW 1300 Sie 7. Aufl.];
Sächsische Landesbibliothek - Staats- und Universitätsbibliothek <14>;
Universität Konstanz, Kommunikations-, Informations-, Medienzentrum (KIM) <352>;
Karlsruher Institut für Technologie (KIT) - KIT-Bibliothek <90> [Signatur: 2006 A 2125(7)];
Badische Landesbibliothek <31>;
Kommunikations- u. Informationszentrum Universität Ulm (kiz) <289> [Signatur: LC 5215/2012 S];
Pädagogische Hochschule Freiburg <Frei 129> [Signatur: Paed P 300: 94 ag];
Pädagogische Hochschule Ludwigsburg <Lg 1> [Signatur: Paed 3h Sie];
Hochschulbibliothek Reutlingen <Rt 2> [Signatur: P 13-950-20/7];
Bibliothek der Pädagogischen Hochschule Heidelberg <He 76> [Signatur: FE 3/19];
Hochschulbibliothek Karlsruhe <751>;
Hochschulbibliothek Heilbronn <840> [Signatur: 371.3 SIE];
Hochschulbibliothek Pforzheim, <951> [Signatur: wirt 5.333 2010 1338(7)];
Hochschule der Medien Stuttgart <958> [Signatur: Nda];
Duale Hochschule Baden-Württemberg Stuttgart, <Stg 258> [Signatur: A g 10.54];
Zentrum für Wissensmanagement, Bibliothek Lippstadt <1926> [Signatur: DW 1300];
Popakademie Baden-Württemberg, Bibliothek <1933> [Signatur: Pä-ZG-Sie2012];
},
URL = {http://deposit.d-nb.de/cgi-bin/dokserv?id=4100673&prov=M&dok_var=1&dok_ext=htm ; http://d-nb.info/1025128095/04},
}